<?xml version="1.0" encoding="UTF-8"?><collection xmlns="http://www.loc.gov/MARC21/slim"><record><leader>00590nam--2200145-i-4500</leader><controlfield tag="001">000031589</controlfield><controlfield tag="002">20161230</controlfield><controlfield tag="005">20161230201038</controlfield><controlfield tag="008">060222s1000------------r-----000-0-eng-d</controlfield><datafield ind1=" " ind2=" " tag="080"><subfield code="a">681.327.68:681.5.012(061.3)</subfield></datafield><datafield ind1=" " ind2=" " tag="245"><subfield code="a">Machine-aided image analysisi, 1978. invited and contributed papers from the international conference on the applications of machine-aided.image analysis held at the university of oxford, 4-6 september 1978</subfield></datafield><datafield ind1=" " ind2=" " tag="260"><subfield code="a">Bristol, Institute Of Physics, 1979. Xi + 342p</subfield></datafield><datafield ind1=" " ind2=" " tag="490"><subfield code="a">The Institute Of Physics.Conference  Series</subfield></datafield><datafield ind1=" " ind2=" " tag="700"><subfield code="a">Gardner, W.E</subfield></datafield><datafield ind1=" " ind2=" " tag="852"><subfield code="a">70234</subfield></datafield></record></collection>